@Article{Katsaggelos1997,
  author  = {A. K. Katsaggelos},
  journal = {Proceedings of International Conference on Image Processing},
  title   = {An iterative weighted regularized algorithm for improving the resolution of video sequences},
  year    = {1997},
  pages = {474--477}
}


@Article{Cohen2000,
  author  = {B. Cohen and V. Avrin and I. Dinstein},
  journal = {2000 IEEE International Conference on Acoustics, Speech, and Signal Processing},
  title   = {Polyphase back-projection filtering for resolution enhancement of image sequences},
  year    = {2000},
  pages = {2171--2174}
}

@Article{Daithankar2021,
  author  = {Daithankar V. Mrunmayee and Ruikar D. Sachin},
  journal = {Department of Electronics Engineering, Walchand College of Engineering, Sangli, M aharashtra, India},
  title   = {Video Super Resolution: A Review},
  year    = {2021},
  pages = {6},
}

@Article{Park2003,
  author  = {S. C. Park and M. K. Park and M. G. Kang},
  journal = {EEE Signal Process},
  title   = {Super-resolution image reconstruction: a technical
overview},
  year    = {2003},
  pages = {21--36},
}

@Comment{jabref-meta: databaseType:bibtex;}
